
@misc{BootSnapTemplate,
  title = {{{HTML Snippets}} for {{Twitter Boostrap}} Framework},
  abstract = {Awesome Bootstrap HTML CSS JS Snippet on Bootsnipp.com.},
  file = {C\:\\Users\\max\\Zotero\\storage\\4TAJFQ5T\\K0ZmK.html},
  howpublished = {https://bootsnipp.com/snippets/K0ZmK},
  journal = {Bootsnipp.com}
}

@misc{DateiEtcApt,
  title = {Die {{Datei}} /Etc/Apt/Sources.List Verstehen},
  year = {2020},
  month = dec,
  file = {C\:\\Users\\max\\Zotero\\storage\\3XHMKAU2\\ch03s03.html},
  howpublished = {https://book.dpmb.org/debian-paketmanagement.chunked/ch03s03.html}
}

@misc{georgebrocklehurstMagicConfigureMake,
  title = {The Magic behind Configure, Make, Make Install},
  author = {{George Brocklehurst}},
  file = {C\:\\Users\\max\\Zotero\\storage\\HNXGPIKS\\the-magic-behind-configure-make-make-install.html},
  howpublished = {https://thoughtbot.com/blog/the-magic-behind-configure-make-make-install}
}

@misc{HowInstallImageMagick,
  title = {How to Install {{ImageMagick}} 7 on {{Ubuntu}} 18.04 {{Linux}} - {{LinuxConfig}}.Org},
  file = {C\:\\Users\\max\\Zotero\\storage\\T5FY3IQ2\\how-to-install-imagemagick-7-on-ubuntu-18-04-linux.html},
  howpublished = {https://linuxconfig.org/how-to-install-imagemagick-7-on-ubuntu-18-04-linux}
}

@misc{ImageMagickPNGDelegate,
  title = {{{ImageMagick PNG}} Delegate Install Problems},
  file = {C\:\\Users\\max\\Zotero\\storage\\24TMDYW3\\746195.html},
  howpublished = {https://askubuntu.com/questions/745660/imagemagick-png-delegate-install-problems},
  journal = {Ask Ubuntu}
}

@misc{InstallNginxPHP,
  title = {So Installieren {{Sie Linux}}, {{Nginx}}, {{MySQL}} Und {{PHP}} ({{LEMP}}-{{Stack}}) Unter {{Ubuntu}} 20.04},
  abstract = {Der LEMP-Software-Stack ist eine Gruppe von Software, die zur Bereitstellung von dynamischen Webseiten und Webanwendungen verwendet werden kann, die in PHP geschrieben sind. Es handelt sich um ein Akronym, das ein Linux-Betriebssystem mit einem Nginx-},
  file = {C\:\\Users\\max\\Zotero\\storage\\4B3H2BF9\\how-to-install-linux-nginx-mysql-php-lemp-stack-on-ubuntu-20-04-de.html},
  howpublished = {https://www.digitalocean.com/community/tutorials/how-to-install-linux-nginx-mysql-php-lemp-stack-on-ubuntu-20-04-de},
  journal = {DigitalOcean},
  language = {en}
}

@misc{InstallPECLExtensions,
  title = {Install {{PECL Extensions}} in {{OpenVZ Debian Appliances}} - {{Proxmox VE}}},
  file = {C\:\\Users\\max\\Zotero\\storage\\LNEF3XLG\\Install_PECL_Extensions_in_OpenVZ_Debian_Appliances.html},
  howpublished = {https://pve.proxmox.com/wiki/Install\_PECL\_Extensions\_in\_OpenVZ\_Debian\_Appliances}
}

@misc{KotlinProgrammingLanguage,
  title = {Kotlin {{Programming Language}}},
  file = {C\:\\Users\\max\\Zotero\\storage\\FE7RPF6R\\kotlinlang.org.html},
  howpublished = {https://kotlinlang.org/}
}

@misc{KtorWebsite,
  title = {Ktor: {{Build Asynchronous Servers}} and {{Clients}} in {{Kotlin}}},
  shorttitle = {Ktor},
  abstract = {Build Asynchronous Servers and Clients in Kotlin},
  file = {C\:\\Users\\max\\Zotero\\storage\\26CSGXIV\\ktor.io.html},
  howpublished = {https://ktor.io/},
  journal = {Ktor Framework},
  language = {en}
}

@misc{NginxVsApache,
  title = {Nginx vs. {{Apache}}: {{Wann}} Welcher {{Webserver}} Sinnvoll Ist},
  file = {C\:\\Users\\max\\Zotero\\storage\\KMRT6RGP\\nginx-vs-apache-814684.html},
  howpublished = {https://t3n.de/news/nginx-vs-apache-814684/}
}

@misc{PHPImagickIdentifyImage,
  title = {{{PHP}}: {{Imagick}}::{{identifyImage}} - {{Manual}}},
  file = {C\:\\Users\\max\\Zotero\\storage\\PRCHCPR7\\imagick.identifyimage.html},
  howpublished = {https://www.php.net/manual/en/imagick.identifyimage.php}
}

@misc{PHPImagickScaleImage,
  title = {{{PHP}}: {{Imagick}}::{{scaleImage}} - {{Manual}}},
  file = {C\:\\Users\\max\\Zotero\\storage\\KGXBPX8S\\imagick.scaleimage.html},
  howpublished = {https://www.php.net/manual/de/imagick.scaleimage.php}
}

@misc{PHPPecl,
  title = {{{PECL}} :: {{The PHP Extension Community Library}}},
  file = {C\:\\Users\\max\\Zotero\\storage\\S2PFYLPU\\pecl.php.net.html},
  howpublished = {https://pecl.php.net/}
}

@misc{PHPPhpinfoManual,
  title = {{{PHP}}: Phpinfo - {{Manual}}},
  file = {C\:\\Users\\max\\Zotero\\storage\\RBTSH7QM\\function.phpinfo.html},
  howpublished = {https://www.php.net/manual/de/function.phpinfo.php}
}

@misc{WasIstSocialEngineering,
  title = {{Was ist Social Engineering?}},
  abstract = {Social Engineering ist ein Verfahren, um sicherheitstechnisch relevante Daten durch Ausnutzung menschlicher Komponenten in Erfahrung zu bringen. Abh\"angig vom Autorit\"atslevel der betrogenen Person entstehen durch Social Engineering betr\"achtliche Sch\"aden.},
  file = {C\:\\Users\\max\\Zotero\\storage\\28AIU2AV\\was-ist-social-engineering-a-633582.html},
  howpublished = {https://www.security-insider.de/was-ist-social-engineering-a-633582/},
  language = {de}
}

@misc{WebServerSurvey,
  title = {November 2020 {{Web Server Survey}}},
  abstract = {In the November 2020 survey we received responses from 1,229,948,224 sites across 263,787,870 unique domains and 10,564,577 web-facing computers. This...},
  file = {C\:\\Users\\max\\Zotero\\storage\\BP8LAXKL\\november-2020-web-server-survey.html},
  howpublished = {https://news.netcraft.com/archives/2020/11/30/november-2020-web-server-survey.html},
  journal = {Netcraft News},
  language = {en-gb}
}


