
@misc{AufbauMagickCommandGenesis,
  title = {{{ImageMagick}}/{{ImageMagick6}}},
  abstract = {üßô‚Äç\male Ô∏è ImageMagick 6. Contribute to ImageMagick/ImageMagick6 development by creating an account on GitHub.},
  file = {C\:\\Users\\max\\Zotero\\storage\\XIUAUTUB\\convert.html},
  howpublished = {\url{https://github.com/ImageMagick/ImageMagick6/blob/2458872ae906063029ed413f77946791cc20b64e/utilities/convert.c\#L81}},
  journal = {GitHub},
  language = {en}
}

@misc{AufrufReadImages,
  title = {{{ImageMagick}}/{{ImageMagick6}}},
  abstract = {üßô‚Äç\male Ô∏è ImageMagick 6. Contribute to ImageMagick/ImageMagick6 development by creating an account on GitHub.},
  file = {C\:\\Users\\max\\Zotero\\storage\\9AYDP5ZV\\convert.html},
  howpublished = {\url{https://github.com/ImageMagick/ImageMagick6/blob/2458872ae906063029ed413f77946791cc20b64e/wand/convert.c\#L628}},
  journal = {GitHub},
  language = {en}
}

@misc{BootSnapTemplate,
  title = {{{HTML Snippets}} for {{Twitter Boostrap}} Framework},
  abstract = {Awesome Bootstrap HTML CSS JS Snippet on Bootsnipp.com.},
  file = {C\:\\Users\\max\\Zotero\\storage\\4TAJFQ5T\\K0ZmK.html},
  howpublished = {\url{https://bootsnipp.com/snippets/K0ZmK},
  journal = {Bootsnipp.com}
}

@misc{CallExternalDelegateCommand,
  title = {{{ImageMagick}}/{{ImageMagick6}}},
  abstract = {üßô‚Äç\male Ô∏è ImageMagick 6. Contribute to ImageMagick/ImageMagick6 development by creating an account on GitHub.},
  file = {C\:\\Users\\max\\Zotero\\storage\\ATUU793T\\delegate.html},
  howpublished = {\url{https://github.com/ImageMagick/ImageMagick6/blob/2458872ae906063029ed413f77946791cc20b64e/magick/delegate.c\#L1301}},
  journal = {GitHub},
  language = {en}
}

@misc{CallGetMagickPrioerty,
  title = {{{ImageMagick}}/{{ImageMagick6}}},
  abstract = {üßô‚Äç\male Ô∏è ImageMagick 6. Contribute to ImageMagick/ImageMagick6 development by creating an account on GitHub.},
  file = {C\:\\Users\\max\\Zotero\\storage\\UTU26X39\\property.html},
  howpublished = {\url{https://github.com/ImageMagick/ImageMagick6/blob/2458872ae906063029ed413f77946791cc20b64e/magick/property.c\#L2770}},
  journal = {GitHub},
  language = {en}
}

@misc{CallInterpretImageProperties,
  title = {{{ImageMagick}}/{{ImageMagick6}}},
  abstract = {üßô‚Äç\male Ô∏è ImageMagick 6. Contribute to ImageMagick/ImageMagick6 development by creating an account on GitHub.},
  file = {C\:\\Users\\max\\Zotero\\storage\\GR2VSBWE\\delegate.html},
  howpublished = {\url{https://github.com/ImageMagick/ImageMagick6/blob/2458872ae906063029ed413f77946791cc20b64e/magick/delegate.c\#L1202}},
  journal = {GitHub},
  language = {en}
}

@misc{CallReadImage,
  title = {{{ImageMagick}}/{{ImageMagick6}}},
  abstract = {üßô‚Äç\male Ô∏è ImageMagick 6. Contribute to ImageMagick/ImageMagick6 development by creating an account on GitHub.},
  file = {C\:\\Users\\max\\Zotero\\storage\\PBAJTXEJ\\constitute.html},
  howpublished = {\url{https://github.com/ImageMagick/ImageMagick6/blob/2458872ae906063029ed413f77946791cc20b64e/magick/constitute.c\#L834}},
  journal = {GitHub},
  language = {en}
}

@misc{CallSanatizeDelegateCommand,
  title = {{{ImageMagick}}/{{ImageMagick6}}},
  abstract = {üßô‚Äç\male Ô∏è ImageMagick 6. Contribute to ImageMagick/ImageMagick6 development by creating an account on GitHub.},
  file = {C\:\\Users\\max\\Zotero\\storage\\WNDN3GEB\\delegate.html},
  howpublished = {\url{https://github.com/ImageMagick/ImageMagick6/blob/2458872ae906063029ed413f77946791cc20b64e/magick/delegate.c\#L395}},
  journal = {GitHub},
  language = {en}
}

@misc{caseM,
  title = {{{ImageMagick}}/{{ImageMagick6}}},
  abstract = {üßô‚Äç\male Ô∏è ImageMagick 6. Contribute to ImageMagick/ImageMagick6 development by creating an account on GitHub.},
  file = {C\:\\Users\\max\\Zotero\\storage\\BKCHJEQC\\property.html},
  howpublished = {\url{https://github.com/ImageMagick/ImageMagick6/blob/2458872ae906063029ed413f77946791cc20b64e/magick/property.c\#L2632}},
  journal = {GitHub},
  language = {en}
}

@misc{CatRef,
  title = {Cat \guilsinglright{} {{Wiki}} \guilsinglright{} Ubuntuusers.De},
  file = {C\:\\Users\\max\\Zotero\\storage\\SBGCWIQR\\cat.html},
  howpublished = {\url{https://wiki.ubuntuusers.de/cat/}}
}

@misc{ComareFParam,
  title = {{{ImageMagick}}/{{ImageMagick6}}},
  abstract = {üßô‚Äç\male Ô∏è ImageMagick 6. Contribute to ImageMagick/ImageMagick6 development by creating an account on GitHub.},
  file = {C\:\\Users\\max\\Zotero\\storage\\NZ7D579P\\2458872ae906063029ed413f77946791cc20b64e..html},
  howpublished = {\url{https://github.com/ImageMagick/ImageMagick6/compare/2458872ae906063029ed413f77946791cc20b64e..a01518e08c840577cabd7d3ff291a9ba735f7276\#diff-edad8412b904d22e5a709c2c27f5b8a0eab383fc6f86cdbde5d035c4dd2b4e77R2610}},
  journal = {GitHub},
  language = {en}
}

@misc{CompareDelegatexXML,
  title = {{{ImageMagick}}/{{ImageMagick6}}},
  abstract = {üßô‚Äç\male Ô∏è ImageMagick 6. Contribute to ImageMagick/ImageMagick6 development by creating an account on GitHub.},
  file = {C\:\\Users\\max\\Zotero\\storage\\HWFNQNSL\\2458872ae906063029ed413f77946791cc20b64e..html},
  howpublished = {\url{https://github.com/ImageMagick/ImageMagick6/compare/2458872ae906063029ed413f77946791cc20b64e..a01518e08c840577cabd7d3ff291a9ba735f7276\#diff-c604655c301c8ed08c7a8d6adc62916a658e71075f6d55a55c1a1cbd4c8074acR91}},
  journal = {GitHub},
  language = {en}
}

@misc{CVE20163714EPHEMERALHTTPS,
  title = {{{CVE}}-2016-3714 : {{The}} (1) {{EPHEMERAL}}, (2) {{HTTPS}}, (3) {{MVG}}, (4) {{MSL}}, (5) {{TEXT}}, (6) {{SHOW}}, (7) {{WIN}}, and (8) {{PLT}} Coders in {{ImageMagick}} before 6.},
  file = {C\:\\Users\\max\\Zotero\\storage\\WVTLJPAA\\CVE-2016-3714.html},
  howpublished = {\url{https://www.cvedetails.com/cve/CVE-2016-3714/}}
}

@misc{CVE20163715EPHEMERALCoder,
  title = {{{CVE}}-2016-3715 : {{The EPHEMERAL}} Coder in {{ImageMagick}} before 6.9.3-10 and 7.x before 7.0.1-1 Allows Remote Attackers to Delete Arbitrary Fi},
  file = {C\:\\Users\\max\\Zotero\\storage\\C8CACZ26\\CVE-2016-3715.html},
  howpublished = {\url{https://www.cvedetails.com/cve/CVE-2016-3715/}}
}

@misc{CVE20163716MSLCoder,
  title = {{{CVE}}-2016-3716 : {{The MSL}} Coder in {{ImageMagick}} before 6.9.3-10 and 7.x before 7.0.1-1 Allows Remote Attackers to Move Arbitrary Files Via},
  file = {C\:\\Users\\max\\Zotero\\storage\\SD64TS6U\\CVE-2016-3716.html},
  howpublished = {\url{https://www.cvedetails.com/cve/CVE-2016-3716/}}
}

@misc{CVE20163717LABELCoder,
  title = {{{CVE}}-2016-3717 : {{The LABEL}} Coder in {{ImageMagick}} before 6.9.3-10 and 7.x before 7.0.1-1 Allows Remote Attackers to Read Arbitrary Files Vi},
  file = {C\:\\Users\\max\\Zotero\\storage\\W3R9RGLJ\\CVE-2016-3717.html},
  howpublished = {\url{https://www.cvedetails.com/cve/CVE-2016-3717/}}
}

@misc{CVE20163718HTTPFTP,
  title = {{{CVE}}-2016-3718 : {{The}} (1) {{HTTP}} and (2) {{FTP}} Coders in {{ImageMagick}} before 6.9.3-10 and 7.x before 7.0.1-1 Allow Remote Attackers to Conduct},
  file = {C\:\\Users\\max\\Zotero\\storage\\RMH7936A\\CVE-2016-3718.html},
  howpublished = {\url{https://www.cvedetails.com/cve/CVE-2016-3718/}}
}

@misc{DateiEtcApt,
  title = {Die {{Datei}} /Etc/Apt/Sources.List Verstehen},
  year = {2020},
  month = dec,
  file = {C\:\\Users\\max\\Zotero\\storage\\3XHMKAU2\\ch03s03.html},
  howpublished = {\url{https://book.dpmb.org/debian-paketmanagement.chunked/ch03s03.html}}
}

@misc{DeclareSanatizeDelegateCommand,
  title = {{{ImageMagick}}/{{ImageMagick6}}},
  abstract = {üßô‚Äç\male Ô∏è ImageMagick 6. Contribute to ImageMagick/ImageMagick6 development by creating an account on GitHub.},
  file = {C\:\\Users\\max\\Zotero\\storage\\NUQ5KPGC\\delegate.html},
  howpublished = {\url{https://github.com/ImageMagick/ImageMagick6/blob/2458872ae906063029ed413f77946791cc20b64e/magick/delegate.c\#L322}},
  journal = {GitHub},
  language = {en}
}

@misc{DeklaraitionMagickCommandGenesis,
  title = {{{ImageMagick}}/{{ImageMagick6}}},
  abstract = {üßô‚Äç\male Ô∏è ImageMagick 6. Contribute to ImageMagick/ImageMagick6 development by creating an account on GitHub.},
  howpublished = {\url{https://github.com/ImageMagick/ImageMagick6/blob/2458872ae906063029ed413f77946791cc20b64e/wand/mogrify.c\#L116}},
  journal = {GitHub},
  language = {en}
}

@misc{DeklarationConvertIMageCommand,
  title = {{{ImageMagick}}/{{ImageMagick6}}},
  abstract = {üßô‚Äç\male Ô∏è ImageMagick 6. Contribute to ImageMagick/ImageMagick6 development by creating an account on GitHub.},
  file = {C\:\\Users\\max\\Zotero\\storage\\KLM2CH8I\\convert.html},
  howpublished = {\url{https://github.com/ImageMagick/ImageMagick6/blob/2458872ae906063029ed413f77946791cc20b64e/wand/convert.c\#L498}},
  journal = {GitHub},
  language = {en}
}

@misc{DeklarationConvertMain,
  title = {{{ImageMagick}}/{{ImageMagick6}}},
  abstract = {üßô‚Äç\male Ô∏è ImageMagick 6. Contribute to ImageMagick/ImageMagick6 development by creating an account on GitHub.},
  file = {C\:\\Users\\max\\Zotero\\storage\\ID2NADH2\\convert.html},
  howpublished = {\url{https://github.com/ImageMagick/ImageMagick6/blob/2458872ae906063029ed413f77946791cc20b64e/utilities/convert.c\#L67}},
  journal = {GitHub},
  language = {en}
}

@misc{DeklarationExternalDelegateCommand,
  title = {{{ImageMagick}}/{{ImageMagick6}}},
  abstract = {üßô‚Äç\male Ô∏è ImageMagick 6. Contribute to ImageMagick/ImageMagick6 development by creating an account on GitHub.},
  file = {C\:\\Users\\max\\Zotero\\storage\\9GI8S4YA\\delegate.html},
  howpublished = {\url{https://github.com/ImageMagick/ImageMagick6/blob/2458872ae906063029ed413f77946791cc20b64e/magick/delegate.c\#L346}},
  journal = {GitHub},
  language = {en}
}

@misc{DeklarationGetMagickProperty,
  title = {{{ImageMagick}}/{{ImageMagick6}}},
  abstract = {üßô‚Äç\male Ô∏è ImageMagick 6. Contribute to ImageMagick/ImageMagick6 development by creating an account on GitHub.},
  file = {C\:\\Users\\max\\Zotero\\storage\\FX95BKH3\\property.html},
  howpublished = {\url{https://github.com/ImageMagick/ImageMagick6/blob/2458872ae906063029ed413f77946791cc20b64e/magick/property.c\#L2770}},
  journal = {GitHub},
  language = {en}
}

@misc{DeklarationGetMgickPropertyLetter,
  title = {{{ImageMagick}}/{{ImageMagick6}}},
  abstract = {üßô‚Äç\male Ô∏è ImageMagick 6. Contribute to ImageMagick/ImageMagick6 development by creating an account on GitHub.},
  file = {C\:\\Users\\max\\Zotero\\storage\\JU2WU485\\property.html},
  howpublished = {\url{https://github.com/ImageMagick/ImageMagick6/blob/2458872ae906063029ed413f77946791cc20b64e/magick/property.c\#L2343}},
  journal = {GitHub},
  language = {en}
}

@misc{DeklarationIdentifyImageCommand,
  title = {{{ImageMagick}}/{{ImageMagick6}}},
  abstract = {üßô‚Äç\male Ô∏è ImageMagick 6. Contribute to ImageMagick/ImageMagick6 development by creating an account on GitHub.},
  file = {C\:\\Users\\max\\Zotero\\storage\\SL66QDLC\\identify.html},
  howpublished = {\url{https://github.com/ImageMagick/ImageMagick6/blob/2458872ae906063029ed413f77946791cc20b64e/wand/identify.c\#L190}},
  journal = {GitHub},
  language = {en}
}

@misc{DeklarationInterpretImageProperties,
  title = {{{ImageMagick}}/{{ImageMagick6}}},
  abstract = {üßô‚Äç\male Ô∏è ImageMagick 6. Contribute to ImageMagick/ImageMagick6 development by creating an account on GitHub.},
  file = {C\:\\Users\\max\\Zotero\\storage\\SGBMDQ6B\\property.html},
  howpublished = {\url{https://github.com/ImageMagick/ImageMagick6/blob/2458872ae906063029ed413f77946791cc20b64e/magick/property.c\#L3347}},
  journal = {GitHub},
  language = {en}
}

@misc{DeklarationInvokeDelegate,
  title = {{{ImageMagick}}/{{ImageMagick6}}},
  abstract = {üßô‚Äç\male Ô∏è ImageMagick 6. Contribute to ImageMagick/ImageMagick6 development by creating an account on GitHub.},
  file = {C\:\\Users\\max\\Zotero\\storage\\I558QTWA\\delegate.html},
  howpublished = {\url{https://github.com/ImageMagick/ImageMagick6/blob/2458872ae906063029ed413f77946791cc20b64e/magick/delegate.c\#L1097}},
  journal = {GitHub},
  language = {en}
}

@misc{DeklarationMain,
  title = {{{ImageMagick}}/{{ImageMagick6}}},
  abstract = {üßô‚Äç\male Ô∏è ImageMagick 6. Contribute to ImageMagick/ImageMagick6 development by creating an account on GitHub.},
  file = {C\:\\Users\\max\\Zotero\\storage\\HYVIFWSZ\\convert.html},
  howpublished = {\url{https://github.com/ImageMagick/ImageMagick6/blob/2458872ae906063029ed413f77946791cc20b64e/utilities/convert.c\#L90}},
  journal = {GitHub},
  language = {en}
}

@misc{DeklarationReadImage,
  title = {{{ImageMagick}}/{{ImageMagick6}}},
  abstract = {üßô‚Äç\male Ô∏è ImageMagick 6. Contribute to ImageMagick/ImageMagick6 development by creating an account on GitHub.},
  file = {C\:\\Users\\max\\Zotero\\storage\\N44LPVEX\\constitute.html},
  howpublished = {\url{https://github.com/ImageMagick/ImageMagick6/blob/2458872ae906063029ed413f77946791cc20b64e/magick/constitute.c\#L352}},
  journal = {GitHub},
  language = {en}
}

@misc{DeklarationReadImages,
  title = {{{ImageMagick}}/{{ImageMagick6}}},
  abstract = {üßô‚Äç\male Ô∏è ImageMagick 6. Contribute to ImageMagick/ImageMagick6 development by creating an account on GitHub.},
  file = {C\:\\Users\\max\\Zotero\\storage\\VFNAGDVR\\constitute.html},
  howpublished = {\url{https://github.com/ImageMagick/ImageMagick6/blob/2458872ae906063029ed413f77946791cc20b64e/magick/constitute.c\#L790}},
  journal = {GitHub},
  language = {en}
}

@misc{DelegatesXml,
  title = {{{ImageMagick}}/{{ImageMagick6}}},
  abstract = {üßô‚Äç\male Ô∏è ImageMagick 6. Contribute to ImageMagick/ImageMagick6 development by creating an account on GitHub.},
  file = {C\:\\Users\\max\\Zotero\\storage\\PKTNPT5Z\\delegates.xml.html},
  howpublished = {\url{https://github.com/ImageMagick/ImageMagick6/blob/2458872ae906063029ed413f77946791cc20b64e/config/delegates.xml.in\#L90}},
  journal = {GitHub},
  language = {en}
}

@misc{EchoCmd,
  title = {Echo \guilsinglright{} {{Wiki}} \guilsinglright{} Ubuntuusers.De},
  file = {C\:\\Users\\max\\Zotero\\storage\\XRU5VJKK\\echo.html},
  howpublished = {\url{https://wiki.ubuntuusers.de/echo/}}
}

@misc{ExploitDBErklaerung,
  title = {{{ImageMagick}} 7.0.1-0 / 6.9.3-9 - '{{ImageTragick}} ' {{Multiple Vulnerabilities}}},
  author = {Ermishkin, Nikolay},
  year = {2016},
  month = may,
  abstract = {ImageMagick 7.0.1-0 / 6.9.3-9 - 'ImageTragick ' Multiple Vulnerabilities. CVE-2016-3718CVE-2016-3717CVE-2016-3716CVE-2016-3715CVE-2016-3714 . dos exploit for Multiple platform},
  file = {C\:\\Users\\max\\Zotero\\storage\\D4AVUXM8\\39767.html},
  howpublished = {\url{https://www.exploit-db.com/exploits/39767}},
  journal = {Exploit Database},
  language = {en}
}

@misc{ExploitDBFaq,
  title = {Offensive {{Security}}'s {{Exploit Database Archive}}},
  abstract = {Exploit Database frequently asked questions},
  file = {C\:\\Users\\max\\Zotero\\storage\\RP6PAQNX\\faq.html},
  howpublished = {\url{https://www.exploit-db.com/faq}},
  language = {en}
}

@misc{ExploitDbSubmit,
  title = {Offensive {{Security}}'s {{Exploit Database Archive}}},
  abstract = {Exploit Database exploit, paper, shellcode, and GHDB submissions guidelines.},
  file = {C\:\\Users\\max\\Zotero\\storage\\GEE3PARS\\submit.html},
  howpublished = {\url{https://www.exploit-db.com/submit}},
  language = {en}
}

@misc{Fix6A,
  title = {Sanitize Input Filename for Http / Https Delegates {$\cdot$} {{ImageMagick}}/{{ImageMagick6}}@2c04b05},
  abstract = {üßô‚Äç\male Ô∏è ImageMagick 6. Contribute to ImageMagick/ImageMagick6 development by creating an account on GitHub.},
  file = {C\:\\Users\\max\\Zotero\\storage\\WXA7YPF6\\2c04b05f205b5198f4c01b0c86097cba2b218fcf.html},
  howpublished = {\url{https://github.com/ImageMagick/ImageMagick6/commit/2c04b05f205b5198f4c01b0c86097cba2b218fcf}},
  journal = {GitHub},
  language = {en}
}

@misc{Fix6B,
  title = {Second Effort to Sanitize Input String {$\cdot$} {{ImageMagick}}/{{ImageMagick6}}@091b7b4},
  abstract = {üßô‚Äç\male Ô∏è ImageMagick 6. Contribute to ImageMagick/ImageMagick6 development by creating an account on GitHub.},
  file = {C\:\\Users\\max\\Zotero\\storage\\PGJK8B8N\\091b7b46e132cd7b4142e7b81ac7764502c7e08b.html},
  howpublished = {\url{https://github.com/ImageMagick/ImageMagick6/commit/2c04b05f205b5198f4c01b0c86097cba2b218fcf}},
  journal = {GitHub},
  language = {en}
}

@misc{Fix7A,
  title = {Sanitize Input Filename for Http / Https Delegates {$\cdot$} {{ImageMagick}}/{{ImageMagick}}@06c41ab},
  abstract = {üßô‚Äç\male Ô∏è ImageMagick 7. Contribute to ImageMagick/ImageMagick development by creating an account on GitHub.},
  file = {C\:\\Users\\max\\Zotero\\storage\\7PRFS4XH\\06c41aba39b97203f6b9a0be6a2ccf8888cddc93.html},
  howpublished = {\url{https://github.com/ImageMagick/ImageMagick/commit/06c41aba39b97203f6b9a0be6a2ccf8888cddc93}},
  journal = {GitHub},
  language = {en}
}

@misc{Fix7B,
  title = {Second Effort to Sanitize Input String {$\cdot$} {{ImageMagick}}/{{ImageMagick}}@a347456},
  abstract = {üßô‚Äç\male Ô∏è ImageMagick 7. Contribute to ImageMagick/ImageMagick development by creating an account on GitHub.},
  file = {C\:\\Users\\max\\Zotero\\storage\\LFP2J5LY\\a347456a1ef3b900c20402f9866992a17eb5d181.html},
  howpublished = {\url{https://github.com/ImageMagick/ImageMagick/commit/a347456a1ef3b900c20402f9866992a17eb5d181}},
  journal = {GitHub},
  language = {en}
}

@misc{georgebrocklehurstMagicConfigureMake,
  title = {The Magic behind Configure, Make, Make Install},
  author = {{George Brocklehurst}},
  file = {C\:\\Users\\max\\Zotero\\storage\\HNXGPIKS\\the-magic-behind-configure-make-make-install.html},
  howpublished = {\url{https://thoughtbot.com/blog/the-magic-behind-configure-make-make-install}}
}

@misc{HowInstallImageMagick,
  title = {How to Install {{ImageMagick}} 7 on {{Ubuntu}} 18.04 {{Linux}} - {{LinuxConfig}}.Org},
  file = {C\:\\Users\\max\\Zotero\\storage\\T5FY3IQ2\\how-to-install-imagemagick-7-on-ubuntu-18-04-linux.html},
  howpublished = {\url{https://linuxconfig.org/how-to-install-imagemagick-7-on-ubuntu-18-04-linux}}
}

@article{ImageMagick2020,
  title = {{{ImageMagick}}},
  year = {2020},
  month = dec,
  abstract = {ImageMagick is a free and open-source cross-platform software suite for displaying, creating, converting, modifying, and editing raster images. Created in 1987 by John Cristy, it can read and write over 200 image file formats. It and its components are widely used in open-source applications.},
  annotation = {Page Version ID: 996157619},
  copyright = {Creative Commons Attribution-ShareAlike License},
  file = {C\:\\Users\\max\\Zotero\\storage\\BQAWAYSJ\\index.html},
  journal = {Wikipedia},
  language = {en}
}

@misc{ImageMagickPNGDelegate,
  title = {{{ImageMagick PNG}} Delegate Install Problems},
  file = {C\:\\Users\\max\\Zotero\\storage\\24TMDYW3\\746195.html},
  howpublished = {\url{https://askubuntu.com/questions/745660/imagemagick-png-delegate-install-problems}},
  journal = {Ask Ubuntu}
}

@misc{ImagemagickProductsVulnerabilities,
  title = {Imagemagick : {{Products}} and Vulnerabilities},
  file = {C\:\\Users\\max\\Zotero\\storage\\8BDS8HTT\\Imagemagick.html},
  howpublished = {\url{https://www.cvedetails.com/vendor/1749/Imagemagick.html}}
}

@misc{ImageMagickSecurityIssue,
  title = {{{ImageMagick Security Issue}} - {{ImageMagick}}},
  file = {C\:\\Users\\max\\Zotero\\storage\\I27FZV25\\viewtopic.html},
  howpublished = {\url{https://legacy.imagemagick.org/discourse-server/viewtopic.php?f=4\&t=29588}}
}

@misc{ImageTragick,
  title = {{{ImageTragick}}},
  file = {C\:\\Users\\max\\Zotero\\storage\\LQD6GQ4Q\\imagetragick.com.html},
  howpublished = {\url{https://imagetragick.com/}}
}

@misc{InstallNginxPHP,
  title = {So Installieren {{Sie Linux}}, {{Nginx}}, {{MySQL}} Und {{PHP}} ({{LEMP}}-{{Stack}}) Unter {{Ubuntu}} 20.04},
  abstract = {Der LEMP-Software-Stack ist eine Gruppe von Software, die zur Bereitstellung von dynamischen Webseiten und Webanwendungen verwendet werden kann, die in PHP geschrieben sind. Es handelt sich um ein Akronym, das ein Linux-Betriebssystem mit einem Nginx-},
  file = {C\:\\Users\\max\\Zotero\\storage\\4B3H2BF9\\how-to-install-linux-nginx-mysql-php-lemp-stack-on-ubuntu-20-04-de.html},
  howpublished = {\url{https://www.digitalocean.com/community/tutorials/how-to-install-linux-nginx-mysql-php-lemp-stack-on-ubuntu-20-04-de}},
  journal = {DigitalOcean},
  language = {en}
}

@misc{InstallPECLExtensions,
  title = {Install {{PECL Extensions}} in {{OpenVZ Debian Appliances}} - {{Proxmox VE}}},
  file = {C\:\\Users\\max\\Zotero\\storage\\LNEF3XLG\\Install_PECL_Extensions_in_OpenVZ_Debian_Appliances.html},
  howpublished = {\url{https://pve.proxmox.com/wiki/Install\_PECL\_Extensions\_in\_OpenVZ\_Debian\_Appliances}}
}

@misc{IsRightsAuthorized,
  title = {{{ImageMagick}}/{{ImageMagick6}}},
  abstract = {üßô‚Äç\male Ô∏è ImageMagick 6. Contribute to ImageMagick/ImageMagick6 development by creating an account on GitHub.},
  file = {C\:\\Users\\max\\Zotero\\storage\\SPGZ2L9I\\delegate.html},
  howpublished = {\url{https://github.com/ImageMagick/ImageMagick6/blob/2458872ae906063029ed413f77946791cc20b64e/magick/delegate.c\#L1129}},
  journal = {GitHub},
  language = {en}
}

@misc{KotlinProgrammingLanguage,
  title = {Kotlin {{Programming Language}}},
  file = {C\:\\Users\\max\\Zotero\\storage\\FE7RPF6R\\kotlinlang.org.html},
  howpublished = {\url{https://kotlinlang.org/}}
}

@misc{KtorWebsite,
  title = {Ktor: {{Build Asynchronous Servers}} and {{Clients}} in {{Kotlin}}},
  shorttitle = {Ktor},
  abstract = {Build Asynchronous Servers and Clients in Kotlin},
  file = {C\:\\Users\\max\\Zotero\\storage\\26CSGXIV\\ktor.io.html},
  howpublished = {\url{https://ktor.io/}},
  journal = {Ktor Framework},
  language = {en}
}

@misc{MagickCommandGenesisCommandAufruf,
  title = {{{ImageMagick}}/{{ImageMagick6}}},
  abstract = {üßô‚Äç\male Ô∏è ImageMagick 6. Contribute to ImageMagick/ImageMagick6 development by creating an account on GitHub.},
  howpublished = {\url{https://github.com/ImageMagick/ImageMagick6/blob/2458872ae906063029ed413f77946791cc20b64e/wand/mogrify.c\#L172}},
  journal = {GitHub},
  language = {en}
}

@misc{MagickCommandGenesisDebugFlag,
  title = {{{ImageMagick}}/{{ImageMagick6}}},
  abstract = {üßô‚Äç\male Ô∏è ImageMagick 6. Contribute to ImageMagick/ImageMagick6 development by creating an account on GitHub.},
  howpublished = {\url{https://github.com/ImageMagick/ImageMagick6/blob/2458872ae906063029ed413f77946791cc20b64e/wand/mogrify.c\#L158}},
  journal = {GitHub},
  language = {en}
}

@misc{MogrifyCommand,
  title = {Basic {{Usage}} -- {{IM}} v6 {{Examples}}},
  file = {C\:\\Users\\max\\Zotero\\storage\\FS2WIHX6\\basics.html},
  howpublished = {\url{https://legacy.imagemagick.org/Usage/basics/\#mogrify}}
}

@misc{NginxVsApache,
  title = {Nginx vs. {{Apache}}: {{Wann}} Welcher {{Webserver}} Sinnvoll Ist},
  file = {C\:\\Users\\max\\Zotero\\storage\\KMRT6RGP\\nginx-vs-apache-814684.html},
  howpublished = {\url{https://t3n.de/news/nginx-vs-apache-814684/}}
}

@misc{OracleLinuxBulletin,
  title = {Oracle {{Linux Bulletin}} - {{April}} 2016},
  file = {C\:\\Users\\max\\Zotero\\storage\\NNHDAUGS\\linuxbulletinapr2016.html},
  howpublished = {\url{https://www.oracle.com/security-alerts/linuxbulletinapr2016.html}}
}

@misc{PHPImagickIdentifyImage,
  title = {{{PHP}}: {{Imagick}}::{{identifyImage}} - {{Manual}}},
  file = {C\:\\Users\\max\\Zotero\\storage\\PRCHCPR7\\imagick.identifyimage.html},
  howpublished = {\url{https://www.php.net/manual/en/imagick.identifyimage.php}}
}

@misc{PHPImagickScaleImage,
  title = {{{PHP}}: {{Imagick}}::{{scaleImage}} - {{Manual}}},
  file = {C\:\\Users\\max\\Zotero\\storage\\KGXBPX8S\\imagick.scaleimage.html},
  howpublished = {\url{https://www.php.net/manual/de/imagick.scaleimage.php}}
}

@misc{PHPPecl,
  title = {{{PECL}} :: {{The PHP Extension Community Library}}},
  file = {C\:\\Users\\max\\Zotero\\storage\\S2PFYLPU\\pecl.php.net.html},
  howpublished = {\url{https://pecl.php.net/}}
}

@misc{PHPPhpinfoManual,
  title = {{{PHP}}: Phpinfo - {{Manual}}},
  file = {C\:\\Users\\max\\Zotero\\storage\\RBTSH7QM\\function.phpinfo.html},
  howpublished = {\url{https://www.php.net/manual/de/function.phpinfo.php}}
}

@misc{ReadImageCheckInternal,
  title = {{{ImageMagick}}/{{ImageMagick6}}},
  abstract = {üßô‚Äç\male Ô∏è ImageMagick 6. Contribute to ImageMagick/ImageMagick6 development by creating an account on GitHub.},
  file = {C\:\\Users\\max\\Zotero\\storage\\99WCW2B2\\constitute.html},
  howpublished = {\url{https://github.com/ImageMagick/ImageMagick6/blob/2458872ae906063029ed413f77946791cc20b64e/magick/constitute.c\#L486}},
  journal = {GitHub},
  language = {en}
}

@misc{ReleaseImageMagick393-9,
  title = {Release {{ImageMagick}} 6.9.3-9 {$\cdot$} {{ImageMagick}}/{{ImageMagick6}}@2458872},
  abstract = {üßô‚Äç\male Ô∏è ImageMagick 6. Contribute to ImageMagick/ImageMagick6 development by creating an account on GitHub.},
  file = {C\:\\Users\\max\\Zotero\\storage\\LNCG5548\\2458872ae906063029ed413f77946791cc20b64e.html},
  howpublished = {\url{https://github.com/ImageMagick/ImageMagick6/commit/2458872ae906063029ed413f77946791cc20b64e}},
  journal = {GitHub},
  language = {en}
}

@misc{SecurityannounceSUSESU201612751,
  title = {[Security-Announce] {{SUSE}}-{{SU}}-2016:1275-1: Important: {{Security}} Update For},
  file = {C\:\\Users\\max\\Zotero\\storage\\7PQAF7UW\\msg00032.html},
  howpublished = {\url{https://lists.opensuse.org/opensuse-security-announce/2016-05/msg00032.html}}
}

@misc{SwitchBlock,
  title = {{{ImageMagick}}/{{ImageMagick6}}},
  abstract = {üßô‚Äç\male Ô∏è ImageMagick 6. Contribute to ImageMagick/ImageMagick6 development by creating an account on GitHub.},
  file = {C\:\\Users\\max\\Zotero\\storage\\8ZP7GJNL\\property.html},
  howpublished = {\url{https://github.com/ImageMagick/ImageMagick6/blob/2458872ae906063029ed413f77946791cc20b64e/magick/property.c\#L2358}},
  journal = {GitHub},
  language = {en}
}

@misc{SystemCall,
  title = {{{ImageMagick}}/{{ImageMagick6}}},
  abstract = {üßô‚Äç\male Ô∏è ImageMagick 6. Contribute to ImageMagick/ImageMagick6 development by creating an account on GitHub.},
  file = {C\:\\Users\\max\\Zotero\\storage\\6RVMC4WE\\delegate.html},
  howpublished = {\url{https://github.com/ImageMagick/ImageMagick6/blob/2458872ae906063029ed413f77946791cc20b64e/magick/delegate.c\#L406}},
  journal = {GitHub},
  language = {en}
}

@misc{TechnicalAnalysisImageTragick1000,
  title = {Technical {{Analysis}} of {{ImageTragick}} ({{CVE}}-2016-3714) :: {{Ben Simmonds}} \textemdash{} {{Yet}} Another Blog about Code and Computers.},
  shorttitle = {Technical {{Analysis}} of {{ImageTragick}} ({{CVE}}-2016-3714)},
  year = {20:14:11 +1000 AEST},
  abstract = {ImageMagick is a widely deployed, general purpose image processing library written in C. Over the past few years hundreds of security related issues have been identified. This paper considers one such instance of a remote code execution vulnerability discovered in 2016 under CVE-2016-3714. Introduction ImageMagick is a widely deployed, general purpose image processing library written in C, most commonly used to resize, transcode or annotate user supplied images on the web.},
  chapter = {hacking},
  file = {C\:\\Users\\max\\Zotero\\storage\\KE9JSLSF\\2019-09-27-imagetragick.html},
  howpublished = {\url{https://www.bencode.net/posts/2019-09-27-imagetragick/}},
  journal = {Technical Analysis of ImageTragick (CVE-2016-3714)},
  language = {en}
}

@misc{UnterscheidungPropertyLetter,
  title = {{{ImageMagick}}/{{ImageMagick6}}},
  abstract = {üßô‚Äç\male Ô∏è ImageMagick 6. Contribute to ImageMagick/ImageMagick6 development by creating an account on GitHub.},
  file = {C\:\\Users\\max\\Zotero\\storage\\8JHLC69D\\property.html},
  howpublished = {\url{https://github.com/ImageMagick/ImageMagick6/blob/2458872ae906063029ed413f77946791cc20b64e/magick/property.c\#L2780}},
  journal = {GitHub},
  language = {en}
}

@misc{WasIstSocialEngineering,
  title = {{Was ist Social Engineering?}},
  abstract = {Social Engineering ist ein Verfahren, um sicherheitstechnisch relevante Daten durch Ausnutzung menschlicher Komponenten in Erfahrung zu bringen. Abh\"angig vom Autorit\"atslevel der betrogenen Person entstehen durch Social Engineering betr\"achtliche Sch\"aden.},
  file = {C\:\\Users\\max\\Zotero\\storage\\28AIU2AV\\was-ist-social-engineering-a-633582.html},
  howpublished = {\url{https://www.security-insider.de/was-ist-social-engineering-a-633582/}},
  language = {de}
}

@misc{WebServerSurvey,
  title = {November 2020 {{Web Server Survey}}},
  abstract = {In the November 2020 survey we received responses from 1,229,948,224 sites across 263,787,870 unique domains and 10,564,577 web-facing computers. This...},
  file = {C\:\\Users\\max\\Zotero\\storage\\BP8LAXKL\\november-2020-web-server-survey.html},
  howpublished = {\url{https://news.netcraft.com/archives/2020/11/30/november-2020-web-server-survey.html}},
  journal = {Netcraft News},
  language = {en-gb}
}

@misc{WgetRef,
  title = {Wget \guilsinglright{} {{Wiki}} \guilsinglright{} Ubuntuusers.De},
  file = {C\:\\Users\\max\\Zotero\\storage\\E3V66FDX\\wget.html},
  howpublished = {\url{https://wiki.ubuntuusers.de/wget/}}
}


