% This file was created with Citavi 6.3.0.0

@misc{angular01,
 abstract = {Angular ist von der Philosophie her ein vollständiges Framework und bietet Lösungen für nahezu sämtliche Aufgaben eines Frontent-Entwicklers. So kümmert sich die Open-Source-Software um Dinge wie die Validierung oder die Kommunikation mit dem Backend.},
 author = {Drilling, Thomas},
 year = {05/07/2020 10:57:11},
 title = {Angular und AngularJS},
 url = {https://www.dev-insider.de/angular-und-angularjs-a-694857/},
 urldate = {7.5.2020}
}

